@article{ImgInpaintingReview,
  title={Image inpainting based on deep learning: A review},
  author={Qin, Zhen and Zeng, Qingliang and Zong, Yixin and Xu, Fan},
  journal={Displays},
  volume={69},
  pages={102028},
  year={2021},
  publisher={Elsevier}
}

@article{CMX,
  title={CMX: Cross-Modal Fusion for RGB-X Semantic Segmentation with Transformers},
  author={Liu, Huayao and Zhang, Jiaming and Yang, Kailun and Hu, Xinxin and Stiefelhagen, Rainer},
  journal={arXiv preprint arXiv:2203.04838},
  year={2022}
}


@misc{habitatchallenge2022,
  title         =     Habitat Challenge 2022,
  author        =     {Karmesh Yadav and Santhosh Kumar Ramakrishnan and John Turner and Aaron Gokaslan and Oleksandr Maksymets and Rishabh Jain and Ram Ramrakhya and Angel X Chang and Alexander Clegg and Manolis Savva and Eric Undersander and Devendra Singh Chaplot and Dhruv Batra},
  howpublished  =     {\url{https://aihabitat.org/challenge/2022/}},
  year          =     {2022}
}