@article{objnav,
  title={Object goal navigation using goal-oriented semantic exploration},
  author={Chaplot, Devendra Singh and Gandhi, Dhiraj Prakashchand and Gupta, Abhinav and Salakhutdinov, Russ R},
  journal={Advances in Neural Information Processing Systems},
  volume={33},
  pages={4247--4258},
  year={2020}
}
@article{cmx,
  title={CMX: Cross-Modal Fusion for RGB-X Semantic Segmentation with Transformers},
  author={Liu, Huayao and Zhang, Jiaming and Yang, Kailun and Hu, Xinxin and Stiefelhagen, Rainer},
  journal={arXiv preprint arXiv:2203.04838},
  year={2022}
}